<?xml version="1.0" encoding="UTF-8"?><collection xmlns="http://www.loc.gov/MARC21/slim"><record><leader>00553nam--2200169-i-4500</leader><controlfield tag="001">000020020</controlfield><controlfield tag="002">20161230</controlfield><controlfield tag="005">20161230201033</controlfield><controlfield tag="008">060222s1000------------r-----000-0-eng-d</controlfield><datafield ind1=" " ind2=" " tag="040"><subfield code="a">IFIN-HH</subfield></datafield><datafield ind1=" " ind2=" " tag="080"><subfield code="a">539.172.3:538.9(043)</subfield></datafield><datafield ind1="1" ind2=" " tag="100"><subfield code="a">Ekdahl, Thomas</subfield></datafield><datafield ind1="1" ind2="0" tag="245"><subfield code="a">Energy selective conversion electron mossbauer spectroscopy.studies in methodology and experimental techniques</subfield><subfield code="b">Inaugural dissertation</subfield><subfield code="c">Thomas ekdahl</subfield></datafield><datafield ind1=" " ind2=" " tag="260"><subfield code="a">Stockholm</subfield><subfield code="b">University Of Stockholm</subfield><subfield code="c">1978</subfield></datafield><datafield ind1=" " ind2=" " tag="300"><subfield code="a">32 P</subfield></datafield><datafield ind1=" " ind2=" " tag="852"><subfield code="a">49809</subfield><subfield code="c">539.17</subfield></datafield><datafield ind1=" " ind2=" " tag="CAT"><subfield code="a">Sys</subfield><subfield code="c">20120619</subfield><subfield code="h">170346</subfield></datafield></record></collection>